<record><leader>00000cas a22000007a 4500</leader><controlfield tag="001">28312370</controlfield><controlfield tag="008">930622d1905190uokuwr ne      0    0eng d</controlfield><datafield ind1=" " ind2=" " tag="010"><subfield code="a">sn 93066055 </subfield></datafield><datafield ind1=" " ind2=" " tag="040"><subfield code="a">OBN</subfield><subfield code="b">eng</subfield><subfield code="c">OBN</subfield><subfield code="d">OCL</subfield><subfield code="d">OCLCQ</subfield></datafield><datafield ind1=" " ind2=" " tag="042"><subfield code="a">msc</subfield></datafield><datafield ind1="0" ind2="4" tag="245"><subfield code="a">The Clinton journal.</subfield></datafield><datafield ind1="3" ind2="0" tag="246"><subfield code="a">Washita journal</subfield></datafield><datafield ind1=" " ind2=" " tag="260"><subfield code="a">Clinton, Okla. :</subfield><subfield code="b">J.C. Haney</subfield></datafield><datafield ind1=" " ind2=" " tag="300"><subfield code="a">v.</subfield></datafield><datafield ind1=" " ind2=" " tag="310"><subfield code="a">Weekly</subfield></datafield><datafield ind1="0" ind2=" " tag="362"><subfield code="a">Vol. 1, no. 3 (Feb. 4, 1905)-</subfield></datafield><datafield ind1=" " ind2=" " tag="500"><subfield code="a">First two issues published as: Washita journal.</subfield></datafield><datafield ind1=" " ind2="4" tag="651"><subfield code="a">Clinton (Okla.)</subfield><subfield code="v">Newspapers.</subfield></datafield><datafield ind1=" " ind2="4" tag="651"><subfield code="a">Custer County (Okla.)</subfield><subfield code="v">Newspapers.</subfield></datafield><datafield ind1=" " ind2=" " tag="752"><subfield code="a">United States</subfield><subfield code="b">Oklahoma</subfield><subfield code="c">Custer</subfield><subfield code="d">Clinton.</subfield></datafield><datafield ind1="0" ind2="7" tag="785"><subfield code="t">Clinton chornicle (Clinton, Okla. : 1904)</subfield><subfield code="w">(DLC)sn 93066054</subfield><subfield code="w">(OCoLC)28312266</subfield></datafield><datafield ind1="0" ind2="7" tag="785"><subfield code="t">Clinton chronicle and Clinton journal combined</subfield><subfield code="w">(DLC)sn 93066056</subfield><subfield code="w">(OCoLC)28312435</subfield></datafield><datafield ind1="1" ind2=" " tag="029"><subfield code="a">AU@</subfield><subfield code="b">000025884063</subfield></datafield></record>